<?xml version="1.0" encoding="UTF-8"?><collection xmlns="http://www.loc.gov/MARC21/slim"><record><leader>00615nam--2200145-i-4500</leader><controlfield tag="001">000009026</controlfield><controlfield tag="002">20161230</controlfield><controlfield tag="005">20161230201028</controlfield><controlfield tag="008">060222s1000------------r-----000-0-eng-d</controlfield><datafield ind1=" " ind2=" " tag="080"><subfield code="a">621.311.2</subfield></datafield><datafield ind1=" " ind2=" " tag="100"><subfield code="a">Chirculescu, N.,Popescu, D., Dragusin D</subfield></datafield><datafield ind1=" " ind2=" " tag="245"><subfield code="a">Determinarea repartitiei optime a puterilor ac tive intre centralele unui sistem termohidroen ergetic folosind metoda calculului variational</subfield></datafield><datafield ind1=" " ind2=" " tag="260"><subfield code="a">Bucuresti, Consiliul National Al Inginerilor S I Tehnicienilor, 1969 16 P</subfield></datafield><datafield ind1=" " ind2=" " tag="490"><subfield code="a">A Doua Conferinta A Electricienilor.Iii. Sectia Sisteme, Centrale Si Utilizarea Energie I Electric</subfield></datafield><datafield ind1=" " ind2=" " tag="852"><subfield code="a">31646</subfield></datafield></record></collection>